
    

@Article{IoT2029,
  author  = {Mordor Intelligence},
  title   = {Tamanho do mercado de IoT do consumidor e análise de participação – Tendências e previsões de crescimento (2024 – 2029)},
  journal = {Disponível em: https://www.mordorintelligence.com/pt/industry-reports/consumer-iot-market},
  year    = {2023},
  note    = {Acesso em: 13 maio 2025}
}


@Article{pisicultura,
  author  = {Serviço Nacional de Aprendizagem Rural (SENAR)},
  title   = {Piscicultura: fundamentos da produção de peixes},
  journal = {Disponível em: https://www.cnabrasil.org.br/assets/arquivos/195-PISCICULTURA.pdf},
  year    = {2017},
  note    = {Acesso em: 13 maio 2025}
}

@Article{bomba,
  author  = {WEG)},
  title   = {GUIA DE ESPECIFICAÇÃO MOTORES ELÉTRICOS},
  note = {Disponível em: \url{https://static.weg.net/medias/downloadcenter/h32/hc5/WEG-motores-eletricos-guia-de-especificacao-50032749-brochure-portuguese-web.pdf}. Acesso em: 6 maio 2025},
  year    = {2024},

}

@Article{iot,
  author  = {Kaivan Karimi and Gary Atkinson},
  title   = {What the Internet of Things (IoT) Needs to Become a Reality},
  journal = {Disponível em: \url{https://files.iccmedia.com/pdf/freescale140527.pdf}},
  year    = {2013},
  note    = {Acesso em: 6 maio 2025}
}

@book{rasp,
    author = {Sean McManus and Mike Cook},
    title = {Raspberry Pi for Dummies 3rd Edition},
    publisher = {John Wiley & Sons Inc},
    isbn = {978-1-119-41200-7} 
}

@Article{thingsBoard,
  author = {ThingsBoard},
  title = {Things Board Open Source IoT Plataform},
  journal = {Disponível em: \url{https://thingsboard.io/}},
  date = {Acesso em: 6 maio 2025}
}

@article{esp8266,
  author = {Espressif},
  title = {ESP8266 Technical Reference},
  journal = {Disponível em: \url{https://www.espressif.com/sites/default/files/documentation/esp8266-technical_reference_en.pdf}},
  date = {Acesso em: 6 maio 2025}
}

@article{gefanuc,
  author = {GE Fanuc Automation},
  title = {Series 90™- 30 PLCs},
  journal = {Disponível em: \url{https://plccompare.com/wp-content/uploads/2011/01/GE-90-30.pdf}},
  date = {Acesso em: 6 maio 2025}
}

@article{led,
  author = {Tecnoblog},
  title = {O que é um LED? Entenda como funciona essa tecnologia de iluminação},
  journal = {Disponível em: \url{https://tecnoblog.net/responde/o-que-e-led/}},
  date = {Acesso em: 6 maio 2025}
}

@article{gpio,
  author = {oficinadanet},
  title = {O que é GPIO e o que ele pode fazer por você},
  journal = {Disponível em: \url{https://www.oficinadanet.com.br/hardware/40552-o-que-e-gpio}},
  date = {Acesso em: 6 maio 2025}
}

@article{4n25,
  author = {Motorola, Inc},
  title = {4N25 Datasheet (PDF) - Motorola, Inc},
  journal = {Disponível em: \url{https://www.alldatasheet.com/datasheet-pdf/pdf/2846/MOTOROLA/4N25.html}},
  date = {Acesso em: 6 maio 2025}
}

@article{sensor_ir,
  author = {Blog da Robótica},
  title = {Como utilizar o sensor de obstáculo reflexivo infravermelho IR com Arduino},
  journal = {Disponível em: https://www.blogdarobotica.com/2023/04/18/como-utilizar-o-sensor-de-obstaculo-reflexivo-infravermelho-ir-com-arduino/},
  date = {Acesso em: 6 maio 2025}
}

@article{raspberry_pi_4,
  author = {Raspberry},
  title = {Raspberry Pi 4 Tech Specs},
  journal = {Disponível em: \url{https://www.raspberrypi.com/products/raspberry-pi-4-model-b/specifications/}},
  date = {Acesso em: 6 maio 2025}
}

@article{mqtt,
  author = {Mqtt},
  title = {MQTT: The Standard for IoT Messaging},
  journal = {Disponível em: \url{https://mqtt.org/}},
  date = {Acesso em: 6 maio 2025}
}

@book{oop,
    author = { Eric Freeman, Elisabeth Robson, Bert Bates and Kathy Sierra},
    title = {Head First Design Patterns},
    publisher = {O'Reilly Media, Inc},
    isbn = {9780596007126}
}

@article{uml,
  author = {IBM},
  title = {Modelos e Diagramas UML},
  journal = {Disponível em: \url{https://www.ibm.com/docs/pt-br/rsas/7.5.0?topic=models-uml-diagrams}},
  date = {Acesso em: 6 maio 2025}
}

@article{diag_uml,
  author = {Arwenvaughan},
  title = {PlantText},
  journal = {Disponível em: \url{https://www.planttext.com/}},
  date = {Acesso em: 6 maio 2025}
}

@article{kicad,
  author = {KiCad EDA},
  title = {KiCad EDA A Cross Platform and Open Source Electronics Design Automation Suite},
  journal = {Disponível em: \url{https://www.kicad.org/}},
  date = {Acesso em: 6 maio 2025}
}

@article{arduino_ide,
  author = {Arduino},
  title = {Arduino IDE},
  journal = {Disponível em: https://www.arduino.cc/en/software/},
  date = {Acesso em: 6 maio 2025}
}

@article{stm,
  author = {St},
  title = {Integrated Development Environment for STM32},
  journal = {Disponível em: https://www.st.com/en/development-tools/stm32cubeide.html},
  date = {Acesso em: 6 maio 2025}
}
